@article{tschandl2018ham10000,
  title   = {The {HAM10000} dataset, a large collection of multi-source dermatoscopic images of common pigmented skin lesions},
  author  = {Tschandl, Philipp and Rosendahl, Cliff and Kittler, Harald},
  journal = {Scientific Data},
  volume  = {5},
  pages   = {180161},
  year    = {2018},
  doi     = {10.1038/sdata.2018.161}
}

@inproceedings{he2016resnet,
  title     = {Deep Residual Learning for Image Recognition},
  author    = {He, Kaiming and Zhang, Xiangyu and Ren, Shaoqing and Sun, Jian},
  booktitle = {Proceedings of the IEEE Conference on Computer Vision and Pattern Recognition (CVPR)},
  pages     = {770--778},
  year      = {2016},
  doi       = {10.1109/CVPR.2016.90}
}

@inproceedings{huang2017densenet,
  title     = {Densely Connected Convolutional Networks},
  author    = {Huang, Gao and Liu, Zhuang and van der Maaten, Laurens and Weinberger, Kilian Q.},
  booktitle = {Proceedings of the IEEE Conference on Computer Vision and Pattern Recognition (CVPR)},
  pages     = {4700--4708},
  year      = {2017},
  doi       = {10.1109/CVPR.2017.243}
}

@inproceedings{tan2019efficientnet,
  title     = {EfficientNet: Rethinking Model Scaling for Convolutional Neural Networks},
  author    = {Tan, Mingxing and Le, Quoc V.},
  booktitle = {Proceedings of the 36th International Conference on Machine Learning (ICML)},
  series    = {Proceedings of Machine Learning Research},
  volume    = {97},
  pages     = {6105--6114},
  year      = {2019},
  publisher = {PMLR},
  url       = {http://proceedings.mlr.press/v97/tan19a.html}
}

@inproceedings{liu2022convnext,
  title     = {A ConvNet for the 2020s},
  author    = {Liu, Zhuang and Mao, Hanzi and Wu, Chao-Yuan and Feichtenhofer, Christoph and Darrell, Trevor and Xie, Saining},
  booktitle = {Proceedings of the IEEE/CVF Conference on Computer Vision and Pattern Recognition (CVPR)},
  pages     = {11976--11986},
  year      = {2022},
  doi       = {10.1109/CVPR52688.2022.01169}
}

@inproceedings{howard2019mobilenetv3,
  title     = {Searching for {MobileNetV3}},
  author    = {Howard, Andrew and Sandler, Mark and Chu, Grace and Chen, Liang-Chieh and Chen, Bo and Tan, Mingxing and Wang, Weijun and Zhu, Yukun and Pang, Ruoming and Vasudevan, Vijay and Le, Quoc V. and Adam, Hartwig},
  booktitle = {Proceedings of the IEEE/CVF International Conference on Computer Vision (ICCV)},
  pages     = {1314--1324},
  year      = {2019},
  doi       = {10.1109/ICCV.2019.00140}
}

@inproceedings{dosovitskiy2021vit,
  title     = {An Image is Worth 16x16 Words: Transformers for Image Recognition at Scale},
  author    = {Dosovitskiy, Alexey and Beyer, Lucas and Kolesnikov, Alexander and Weissenborn, Dirk and Zhai, Xiaohua and Unterthiner, Thomas and Dehghani, Mostafa and Minderer, Matthias and Heigold, Georg and Gelly, Sylvain and Uszkoreit, Jakob and Houlsby, Neil},
  booktitle = {International Conference on Learning Representations (ICLR)},
  year      = {2021},
  url       = {https://openreview.net/forum?id=YicbFdNTTy}
}

@inproceedings{guo2017calibration,
  title     = {On Calibration of Modern Neural Networks},
  author    = {Guo, Chuan and Pleiss, Geoff and Sun, Yu and Weinberger, Kilian Q.},
  booktitle = {Proceedings of the 34th International Conference on Machine Learning (ICML)},
  series    = {Proceedings of Machine Learning Research},
  volume    = {70},
  pages     = {1321--1330},
  year      = {2017},
  publisher = {PMLR},
  url       = {http://proceedings.mlr.press/v70/guo17a.html}
}

@inproceedings{selvaraju2017gradcam,
  title     = {Grad-{CAM}: Visual Explanations from Deep Networks via Gradient-based Localization},
  author    = {Selvaraju, Ramprasaath R. and Cogswell, Michael and Das, Abhishek and Vedantam, Ramakrishna and Parikh, Devi and Batra, Dhruv},
  booktitle = {Proceedings of the IEEE International Conference on Computer Vision (ICCV)},
  pages     = {618--626},
  year      = {2017},
  doi       = {10.1109/ICCV.2017.74}
}

@article{hand2001simple,
  title   = {A Simple Generalisation of the Area Under the {ROC} Curve for Multiple Class Classification Problems},
  author  = {Hand, David J. and Till, Robert J.},
  journal = {Machine Learning},
  volume  = {45},
  number  = {2},
  pages   = {171--186},
  year    = {2001},
  doi     = {10.1023/A:1010920819831}
}

@article{mcnemar1947note,
  title   = {Note on the Sampling Error of the Difference Between Correlated Proportions or Percentages},
  author  = {McNemar, Quinn},
  journal = {Psychometrika},
  volume  = {12},
  number  = {2},
  pages   = {153--157},
  year    = {1947},
  doi     = {10.1007/BF02295996}
}

@inproceedings{dietterich2000ensemble,
  title     = {Ensemble Methods in Machine Learning},
  author    = {Dietterich, Thomas G.},
  booktitle = {International Workshop on Multiple Classifier Systems},
  series    = {Lecture Notes in Computer Science},
  volume    = {1857},
  pages     = {1--15},
  publisher = {Springer},
  year      = {2000},
  doi       = {10.1007/3-540-45014-9_1}
}

@article{valverde2021ensembles,
  title   = {Ensembles in Medical Image Analysis: An Overview and Outlook},
  author  = {Valverde, Sergi and Cabezas, Mauricio and Oliver, Arnau and Llad{\'o}, Xavier},
  journal = {Medical Image Analysis},
  volume  = {72},
  pages   = {102048},
  year    = {2021},
  doi     = {10.1016/j.media.2021.102048},
  issn    = {1361-8415}
}

@article{esteva2017dermatologist,
  title   = {Dermatologist-level Classification of Skin Cancer with Deep Neural Networks},
  author  = {Esteva, Andre and Kuprel, Brett and Novoa, Roberto A. and Ko, Justin and Swetter, Susan M. and Blau, Helen M. and Thrun, Sebastian},
  journal = {Nature},
  volume  = {542},
  number  = {7639},
  pages   = {115--118},
  year    = {2017},
  doi     = {10.1038/nature21056}
}